<record><leader>00000cas a22000007a 4500</leader><controlfield tag="001">18425278</controlfield><controlfield tag="008">880830c18959999okuwr ne      0    0eng d</controlfield><datafield ind1=" " ind2=" " tag="010"><subfield code="a">sn 88084191 </subfield></datafield><datafield ind1=" " ind2=" " tag="040"><subfield code="a">PPM</subfield><subfield code="b">eng</subfield><subfield code="c">PPM</subfield><subfield code="d">OBN</subfield><subfield code="d">OCLCQ</subfield></datafield><datafield ind1=" " ind2=" " tag="042"><subfield code="a">msc</subfield></datafield><datafield ind1="0" ind2="4" tag="245"><subfield code="a">The Marietta monitor.</subfield></datafield><datafield ind1=" " ind2=" " tag="260"><subfield code="a">Marietta, I.T. [Okla.] :</subfield><subfield code="b">A.T. Whitman</subfield></datafield><datafield ind1=" " ind2=" " tag="300"><subfield code="a">v.</subfield></datafield><datafield ind1=" " ind2=" " tag="310"><subfield code="a">Weekly</subfield></datafield><datafield ind1="0" ind2=" " tag="362"><subfield code="a">Vol. 2, no. 1 (Sept. 17, 1896)-</subfield></datafield><datafield ind1="1" ind2=" " tag="362"><subfield code="a">Began in 1895.</subfield></datafield><datafield ind1=" " ind2="4" tag="651"><subfield code="a">Marietta (Okla.)</subfield><subfield code="v">Newspapers.</subfield></datafield><datafield ind1=" " ind2="4" tag="651"><subfield code="a">Love County (Okla.)</subfield><subfield code="v">Newspapers.</subfield></datafield><datafield ind1=" " ind2="4" tag="651"><subfield code="a">Indian Territory (Okla.)</subfield><subfield code="v">Newspapers.</subfield></datafield><datafield ind1=" " ind2=" " tag="752"><subfield code="a">United States</subfield><subfield code="b">Oklahoma</subfield><subfield code="c">Love</subfield><subfield code="d">Marietta.</subfield></datafield><datafield ind1="0" ind2="0" tag="780"><subfield code="t">Marietta star</subfield></datafield><datafield ind1="0" ind2="5" tag="780"><subfield code="t">Love County news</subfield><subfield code="w">(DLC)sn 93066124</subfield><subfield code="w">(OCoLC)28982349</subfield></datafield><datafield ind1="0" ind2="5" tag="780"><subfield code="t">Marietta herald</subfield><subfield code="w">(DLC)sn 93066125</subfield><subfield code="w">(OCoLC)28982280</subfield></datafield></record>